%% LaTeX2e file `lecture.bib'
%% generated by the `filecontents' environment
%% from source `lecture' on 2022/12/23.
%%
@article{smith2002tutorial,
  title={A tutorial on principal components analysis},
  author={Smith, Lindsay I},
  year={2002}
}

@book{anton2013elementary,
  title={Elementary linear algebra: applications version},
  author={Anton, Howard and Rorres, Chris},
  year={2013},
  publisher={John Wiley \& Sons}
}
