%% LaTeX2e file `lecture.bib'
%% generated by the `filecontents' environment
%% from source `lecture' on 2022/12/08.
%%
@article{qian1999momentum,
  title={On the momentum term in gradient descent learning algorithms},
  author={Qian, Ning},
  journal={Neural networks},
  volume={12},
  number={1},
  pages={145--151},
  year={1999},
  publisher={Elsevier}
}

@article{duchi2011adaptive,
  title={Adaptive subgradient methods for online learning and stochastic optimization.},
  author={Duchi, John and Hazan, Elad and Singer, Yoram},
  journal={Journal of machine learning research},
  volume={12},
  number={7},
  year={2011}
}

@article{ruder2016overview,
  title={An overview of gradient descent optimization algorithms},
  author={Ruder, Sebastian},
  journal={arXiv preprint arXiv:1609.04747},
  year={2016}
}

@software{Novik_torchoptimizers,
    title        = {{torch-optimizer -- collection of optimization algorithms for PyTorch.}},
    author       = {Novik, Mykola},
    year         = 2020,
    month        = 1,
    version      = {1.0.1}
}

