%% LaTeX2e file `testlatex.bib'
%% generated by the `filecontents' environment
%% from source `testlatex' on 2022/11/05.
%%
@article{qian1999momentum,
  title={On the momentum term in gradient descent learning algorithms},
  author={Qian, Ning},
  journal={Neural networks},
  volume={12},
  number={1},
  pages={145--151},
  year={1999},
  publisher={Elsevier}
}

@article{duchi2011adaptive,
  title={Adaptive subgradient methods for online learning and stochastic optimization.},
  author={Duchi, John and Hazan, Elad and Singer, Yoram},
  journal={Journal of machine learning research},
  volume={12},
  number={7},
  year={2011}
}

@article{ruder2016overview,
  title={An overview of gradient descent optimization algorithms},
  author={Ruder, Sebastian},
  journal={arXiv preprint arXiv:1609.04747},
  year={2016}
}

@article{lecun1998gradient,
  title={Gradient-based learning applied to document recognition},
  author={LeCun, Yann and Bottou, L{\'e}on and Bengio, Yoshua and Haffner, Patrick},
  journal={Proceedings of the IEEE},
  volume={86},
  number={11},
  pages={2278--2324},
  year={1998},
  publisher={Ieee}
}

@software{Novik_torchoptimizers,
    title        = {{torch-optimizer -- collection of optimization algorithms for PyTorch.}},
    author       = {Novik, Mykola},
    year         = 2020,
    month        = 1,
    version      = {1.0.1}
}

@book{mohanty_2019, title={The Subtle Art of Fixing and Modifying Learning Rate}, url={https://towardsdatascience.com/the-subtle-art-of-fixing-and-modifying-learning-rate-f1e22b537303}, journal={Medium}, publisher={Towards Data Science}, author={Mohanty, Abinash}, year={2019}, month={Jul}} 

