%% LaTeX2e file `testlatex.bib'
%% generated by the `filecontents' environment
%% from source `testlatex' on 2022/11/05.
%%
@article{qian1999momentum,
  title={On the momentum term in gradient descent learning algorithms},
  author={Qian, Ning},
  journal={Neural networks},
  volume={12},
  number={1},
  pages={145--151},
  year={1999},
  publisher={Elsevier}
}
